@misc{referential_transparency_def,
  title = {プログラミング言語論 ドキュメント»関数型言語},
  howpublished = {\url{http://web.sfc.keio.ac.jp/~hattori/prog-theory/ja/functional.html#id3}},
  note = {Accessed: 2024-06-08}
}

@misc{monix_task,
  title = {{Monix Task}},
  howpublished = {\url{https://monix.io/docs/current/eval/task.html}},
  note = {Accessed: 2024-06-08}
}
